@misc{allaboutbirds,
    author = {All About Birds},
    title = {Do bird songs have frequencies higher than humans can hear?},
    howpublished = {Available: \url{https://www.allaboutbirds.org/news/do-bird-songs-have-frequencies-higher-than-humans-can-hear/}}, 
    note = {Accessed: 2024-12-13}
}

@article{trafficnoise,
    author       = {Wang, Haibo and Gao, Huimin and Cai, Ming},
    title        = {Simulation of traffic noise both indoors and outdoors based on an integrated geometric acoustics method},
    journal      = { International Journal of Environmental Research and Public Health},
    year         = {2019},
    volume       = {16},
    number       = {14},
    pages        = {2491},
    note         = {Accessed: 2024-12-13}
}

@misc{chromafeatures,
    author = {Columba University},
    title = {Chroma Feature Analysis and Synthesis},
    howpublished = {Available: \url{https://www.ee.columbia.edu/~dpwe/LabROSA/matlab/chroma-ansyn/}}, 
    note = {Accessed: 2024-12-13}
}

@misc{librosa,
    author = {librosa},
    title = {librosa.feature.spectral\_contrast},
    howpublished = {Available: \url{https://librosa.org/doc/main/generated/librosa.feature.spectral_contrast.html}}, 
    note = {Accessed: 2024-12-13}
}

@misc{wavelet,
    author = {pywavelets},
    title = {Wavelet Transforms in Python},
    howpublished = {Available: \url{https://pywavelets.readthedocs.io/en/latest/index.html}}, 
    note = {Accessed: 2024-12-13}
}